@article{ShiViz,
   author = {Ivan Beschastnikh and Patty Wang and Yuriy Brun and Michael
	D. Ernst},
   title = {Debugging distributed systems: Challenges and options for
	validation and debugging},
   journal = {Communications of the ACM},
   volume = {59},
   number = {8},
   pages = {32--37},
   month = aug,
   year = {2016}
}