@article{ShiViz,
   author = {Ivan Beschastnikh and Patty Wang and Yuriy Brun and Michael
 D. Ernst},
   title = {Debugging distributed systems: Challenges and options for
 validation and debugging},
   journal = {Communications of the ACM},
   volume = {59},
   number = {8},
   pages = {32--37},
   month = aug,
   year = {2016}
}
@article{VC1,
   author = {Roberto Baldoni and Michel Raynal},
   title = {Fundamentals of Distributed Computing: A Practical Tour of Vector Clock Systems},
   journal = {IEEE Distributed Systems Online},
   pages = {1--25},
   month = feb,
   year = {2002}
}
@article{VC2,
   author = {Balraja Subbiah},
   title = {Lamport Clocks and Vector Clocks},
   journal = {Medium},
   month = jan,
   year = {2017}
}
@mastersthesis{SSDA,
   author = {Benish Mann},
   title = {A Flexible Framework for Distributed Algorithms},
   school = {University of Northern British Columbia},
   year = {2012}
}
